<?xml version="1.0" encoding="UTF-8"?><collection xmlns="http://www.loc.gov/MARC21/slim"><record><leader>00708nas----00241-a-----</leader><controlfield tag="001">000054573</controlfield><controlfield tag="002">20161230</controlfield><controlfield tag="003">DLC</controlfield><controlfield tag="005">20170106152856</controlfield><controlfield tag="008">120220c----9999----r1--------0----0eng-d</controlfield><datafield ind1=" " ind2=" " tag="040"><subfield code="a">IFIN-HH</subfield></datafield><datafield ind1=" " ind2="0" tag="222"><subfield code="a">Acta Biochimica Et Biophysica Academiae Scientiarum Hungaricae</subfield></datafield><datafield ind1="0" ind2="0" tag="245"><subfield code="a">Acta Biochimica Et Biophysica Academiae Scientiarum Hungaricae</subfield></datafield><datafield ind1="1" ind2="3" tag="246"><subfield code="a">Acta Biochimica Et Biophysica</subfield></datafield><datafield ind1=" " ind2=" " tag="260"><subfield code="a">Budapest</subfield><subfield code="b">Akad©♭miai Kiad©đ</subfield><subfield code="c">1973-1979</subfield></datafield><datafield ind1=" " ind2=" " tag="300"><subfield code="a">6 volume</subfield></datafield><datafield ind1=" " ind2=" " tag="310"><subfield code="a">Quaterly</subfield></datafield><datafield ind1="0" ind2=" " tag="362"><subfield code="a">Vol. 9 No.1. - Vol.14 No.4</subfield></datafield><datafield ind1=" " ind2=" " tag="500"><subfield code="a">Title From Cover</subfield></datafield><datafield ind1=" " ind2=" " tag="546"><subfield code="a">In English</subfield></datafield><datafield ind1=" " ind2="0" tag="650"><subfield code="a">Biophysics</subfield><subfield code="v">Periodicals</subfield></datafield><datafield ind1=" " ind2=" " tag="852"><subfield code="c">P. 64 FIZICA</subfield></datafield><datafield ind1=" " ind2=" " tag="CAT"><subfield code="a">SYS</subfield><subfield code="c">20170106</subfield><subfield code="h">152856</subfield></datafield></record></collection>